@article{van2000shrub,
  title={Shrub invasions of North American semiarid grasslands},
  author={Van Auken, Or W},
  journal={Annual review of ecology and systematics},
  volume={31},
  number={1},
  pages={197--215},
  year={2000},
  publisher={Annual Reviews 4139 El Camino Way, PO Box 10139, Palo Alto, CA 94303-0139, USA}
}